@article{saxnovel,
	author = {Jessica Lin and Eamonn Keogh and Li Wei and Stefano Lonardi},
	title = {Experiencing SAX: a Novel Symbolic Representation of Time Series},
	publisher = {Springer},
	year = {2007},
}
@article{timeseriessuffix,
	author = {Daniel Yoshinobu Takada Chino and Felipe Alves da Louza and Agma Juci Machado Traina and Cristina Dutra de Aguiar Ciferri and Caetano Traina JÃºnior},
	title= {Time Series Indexing Taking Advantage of the Generalized Suffix Tree},
	year = 2011,
	publisher = {Brazilian Computer Society Special Interest Group on Databases},
}